<collection xmlns="http://www.loc.gov/MARC21/slim"><record><leader>00698nam  2200217   450</leader><controlfield tag="001">836</controlfield><controlfield tag="003">http://montalegre.opacnet.com/OPAC/default.aspx?ContentAreaControl=ShowRegHoldings.ascx&amp;RegNo=16662</controlfield><datafield tag="095" ind1=" " ind2=" "><subfield code="a">PTBN00760937</subfield></datafield><datafield tag="100" ind1=" " ind2=" "><subfield code="a">20061013d1966    m  y0pory010305  ba</subfield></datafield><datafield tag="101" ind1="1" ind2=" "><subfield code="a">por</subfield><subfield code="c">eng</subfield></datafield><datafield tag="102" ind1=" " ind2=" "><subfield code="a">PT</subfield></datafield><datafield tag="200" ind1="1" ind2=" "><subfield code="a">&lt;A &gt;porta das leoas</subfield><subfield code="f">Myron Tim Palmer</subfield><subfield code="g">trad. de Maria Luís</subfield></datafield><datafield tag="210" ind1=" " ind2=" "><subfield code="a">Porto</subfield><subfield code="c">Civilização</subfield><subfield code="d">1966</subfield></datafield><datafield tag="215" ind1=" " ind2=" "><subfield code="a">185 p.</subfield><subfield code="c">il.</subfield><subfield code="d">19 cm</subfield></datafield><datafield tag="225" ind1="2" ind2=" "><subfield code="a">Histórias para a juventude</subfield></datafield><datafield tag="304" ind1=" " ind2=" "><subfield code="a">Tít. orig. : At the lion gate</subfield></datafield><datafield tag="675" ind1=" " ind2=" "><subfield code="a">087.5</subfield></datafield><datafield tag="700" ind1=" " ind2="1"><subfield code="a">Palmer</subfield><subfield code="b">Myron Tim</subfield></datafield><datafield tag="702" ind1=" " ind2="1"><subfield code="a">Luís</subfield><subfield code="b">Maria</subfield><subfield code="4">730</subfield></datafield><datafield tag="801" ind1=" " ind2="0"><subfield code="a">PT</subfield><subfield code="b">Biblioteca Municipal de Montalegre</subfield><subfield code="g">RPC</subfield></datafield><datafield tag="856" ind1=" " ind2=" "><subfield code="u">locateMedia.asp?cod=20060626162141&amp;ext=jpg</subfield><subfield code="z">CAPA</subfield></datafield><datafield tag="909" ind1="&#9;" ind2=" "><subfield code="a">1</subfield></datafield><datafield tag="966" ind1=" " ind2=" "><subfield code="a">0002687</subfield><subfield code="l">BMM</subfield><subfield code="s">SJ 087.5 PAL por</subfield></datafield></record></collection>